<record><leader>00000cas a22000007a 4500</leader><controlfield tag="001">26293304</controlfield><controlfield tag="008">920731d19571967ctucr ne      0    0eng d</controlfield><datafield ind1=" " ind2=" " tag="010"><subfield code="a">sn 92051329 </subfield></datafield><datafield ind1=" " ind2=" " tag="040"><subfield code="a">CNW</subfield><subfield code="b">eng</subfield><subfield code="c">CNW</subfield><subfield code="d">OCLCQ</subfield></datafield><datafield ind1=" " ind2=" " tag="042"><subfield code="a">msc</subfield></datafield><datafield ind1="0" ind2=" " tag="130"><subfield code="a">Town crier (Westport, Conn. : 1957)</subfield></datafield><datafield ind1="1" ind2="4" tag="245"><subfield code="a">The town crier.</subfield></datafield><datafield ind1="3" ind2="0" tag="246"><subfield code="a">Westporter-herald</subfield></datafield><datafield ind1=" " ind2=" " tag="260"><subfield code="a">Westport, Conn. :</subfield><subfield code="b">Fairfield County Publications</subfield></datafield><datafield ind1=" " ind2=" " tag="300"><subfield code="a">v.</subfield></datafield><datafield ind1=" " ind2=" " tag="310"><subfield code="a">Semiweekly</subfield></datafield><datafield ind1="0" ind2=" " tag="362"><subfield code="a">Vol. 91, no. 42 (Oct. 17, 1957)-Oct. 5, 1967.</subfield></datafield><datafield ind1=" " ind2=" " tag="500"><subfield code="a">Published in Fairfield, Conn., Oct, 8, 1961-1967.</subfield></datafield><datafield ind1=" " ind2=" " tag="530"><subfield code="a">Available on microfilm from New England Micrographics, Marlboro, Mass.</subfield></datafield><datafield ind1=" " ind2=" " tag="580"><subfield code="a">Other ed. available: Town crier of Fairfield, &lt;Feb. 26, 1961&gt;-1967.</subfield></datafield><datafield ind1=" " ind2=" " tag="580"><subfield code="a">"Incorporating The Fairfield news &amp; The Westporter-herald", 1957-&lt;Feb. 23, 1961&gt;, and "Incorporating The Westporter-herald", &lt;July 1961&gt;-1967.</subfield></datafield><datafield ind1=" " ind2="4" tag="651"><subfield code="a">Westport (Conn.)</subfield><subfield code="v">Newspapers.</subfield></datafield><datafield ind1=" " ind2="4" tag="651"><subfield code="a">Fairfield (Conn.)</subfield><subfield code="v">Newspapers.</subfield></datafield><datafield ind1=" " ind2="4" tag="651"><subfield code="a">Weston (Conn.)</subfield><subfield code="v">Newspapers.</subfield></datafield><datafield ind1=" " ind2=" " tag="752"><subfield code="a">United States</subfield><subfield code="b">Connecticut</subfield><subfield code="c">Fairfield</subfield><subfield code="d">Fairfield.</subfield></datafield><datafield ind1="1" ind2=" " tag="775"><subfield code="t">Town crier of Fairfield</subfield><subfield code="w">(DLC)sn 92051330</subfield><subfield code="w">(OCoLC)26268764</subfield></datafield><datafield ind1="0" ind2="0" tag="780"><subfield code="t">Westport town crier &amp; herald</subfield><subfield code="w">(DLC)sn 92051328</subfield><subfield code="w">(OCoLC)26268748</subfield></datafield><datafield ind1="0" ind2="5" tag="780"><subfield code="t">Fairfield news (Fairfield, Conn.)</subfield><subfield code="g">Oct. 1957</subfield><subfield code="w">(DLC)sn 92051324</subfield><subfield code="w">(OCoLC)26268657</subfield></datafield><datafield ind1="0" ind2="0" tag="785"><subfield code="t">Town crier of Westport</subfield><subfield code="w">(DLC)sn 92051352</subfield></datafield><datafield ind1="1" ind2=" " tag="029"><subfield code="a">AU@</subfield><subfield code="b">000020703831</subfield></datafield></record>